@article{SalhaGalvan2019KeepIS,
	title={Keep It Simple: Graph Autoencoders Without Graph Convolutional Networks},
	author={Guillaume Salha-Galvan and Romain Hennequin and Michalis Vazirgiannis},
	journal={ArXiv},
	year={2019},
	volume={abs/1910.00942}
}

@article{doi:10.1080/13658816.2015.1134796,
	author = {J. Niesterowicz and T.F. Stepinski and J. Jasiewicz},
	title = {Unsupervised regionalization of the United States into landscape pattern types},
	journal = {International Journal of Geographical Information Science},
	volume = {30},
	number = {7},
	pages = {1450-1468},
	year  = {2016},
	publisher = {Taylor & Francis},
	doi = {10.1080/13658816.2015.1134796},
	
	URL = { 
	https://doi.org/10.1080/13658816.2015.1134796
	
	},
	eprint = { 
	https://doi.org/10.1080/13658816.2015.1134796
	
	}
	
}

@online{NLCD2019LandCover,
	author = {},
	title = {{Multi-Resolution Land Characteristics (MRLC) Consortium} NLCD 2019 Land Cover (CONUS)},
	year = 2019,
	url = {https://www.mrlc.gov/data/nlcd-2019-land-cover-conus},
	urldate = {2022-02-12}
}


@article{Cao2015GraRepLG,
	title={GraRep: Learning Graph Representations with Global Structural Information},
	author={Shaosheng Cao and Wei Lu and Qiongkai Xu},
	journal={Proceedings of the 24th ACM International on Conference on Information and Knowledge Management},
	year={2015}
}

@article{Tang2015LINELI,
	title={LINE: Large-scale Information Network Embedding},
	author={Jian Tang and Meng Qu and Mingzhe Wang and Ming Zhang and Jun Yan and Qiaozhu Mei},
	journal={Proceedings of the 24th International Conference on World Wide Web},
	year={2015}
}

